%%%%%%%%%%%%%%%%%%%%%%%%%%%%%%%%%%%%%%%%%%%%%%%%%%%%%%%%%%%%%%%%%%%%%%%%%%%%%%%%%%%%%%%%%%%%%%
% Plantilla para tesis por David Luna se encuentra bajo una Licencia 
% Creative Commons Atribución-NoComercial-CompartirIgual 3.0 Unported.
% http://creativecommons.org/licenses/by-nc-sa/3.0/
%%%%%%%%%%%%%%%%%%%%%%%%%%%%%%%%%%%%%%%%%%%%%%%%%%%%%%%%%%%%%%%%%%%%%%%%%%%%%%%%%%%%%%%%%%%%%%

%no deben de llevar acentos en gd

@gd{cosmovision,
word = {cosmovisión},
definition = {Manera de ver e interpretar el mundo. \cite{rae-cosmovision}}
}